@misc{vdcnflsir,
  title={Accelerating Very Deep ConvolutionalNetworks for Classification and Detection},
  year = 2015,
  author = {Xiangyu Zhang and Jianhua Zou and Kaiming He and Jian Sun},
  howpublished = {\url{https://arxiv.org/pdf/1505.06798.pdf}}
}

@misc{dcnnfer,
  title={DeXpression: Deep Convolutional NeuralNetwork for Expression Recognition},
  year = 2015,
  author = {Peter Burkert and Felix Trier and Muhammad Zeshan Afzal and Andreas Dengel and Marcus Liwicki},
  school = {German Research Center for Artificial Intelligence (DFKI), Kaiserslautern, Germany University of Kaiserslautern} ,
  howpublished = {\url{https://arxiv.org/pdf/1509.05371.pdf}}
}

@misc{kaggleFER,
  title={Challenges in Representation Learning: Facial Expression Recognition Challenge},
  year = 2013,
  howpublished = {\url{https://www.kaggle.com/c/challenges-in-representation-learning-facial-expression-recognition-challenge/overview}}
}

@@msc{vgg16desc,
  title={VGG16 â€“ Convolutional Network for Classification and Detection},
  year = 2018,
  howpublished = {\url{https://neurohive.io/en/popular-networks/vgg16/}}
}

@misc{repo,
  title={EmotionRecognition Repository},
  year = 2020,
  author = {Wojciech Chmura and Konrad Krukar},
  school = {Cracow University of Technology, Faculty of Electrical and Computer Engineering} ,
  howpublished = {\url{https://github.com/krukarkonrad/EmotionRecognition}}
}